
@article{BeWe15,
	title = {An optimal randomized online algorithm for the k-{Canadian} {Traveller} {Problem} on node-disjoint paths},
	volume = {30},
	number = {1},
	journal = {J. Comb. Optim.},
	author = {Bender, Marco and Westphal, Stephan},
	year = {2015},
	pages = {87--96}
}

@article{We08,
	title = {A note on the k-{Canadian} {Traveller} {Problem}},
	volume = {106},
	number = {3},
	journal = {Inform. Proces. Lett.},
	author = {Westphal, Stephan},
	year = {2008},
	pages = {87--89}
}

@article{DeHuLiSa14,
	title = {Canadians {Should} {Travel} {Randomly}},
	journal = {Proc. of ICALP},
	author = {Demaine, Erik D. and Huang, Yamming and Liao, Chung-Shou and Sadakane, Kunihiko},
	year = {2014},
	pages = {380--391}
}

@article{PaYa91,
	title = {Shortest paths without a map},
	author = {Papadimitriou, Christos and Yannakakis, Mihalis},
	journal = {Theor. Comput. Sci.},
	volume = {84},
	number = {1},
	pages = {127--150},
	year = {1991}
}

@article{XuHuSuZh09,
	title = {The {C}anadian traveller problem and its competitive analysis},
	volume = {18},
	number = {2},
	urldate = {2016-11-08},
	journal = {J. Comb. Optim.},
	author = {Xu, Yinfeng and Hu, Maolin and Su, Bing and Zhu, Binhai and Zhu, Zhijun},
	year = {2009},
	pages = {195--205}
}

@article{ZhXuQi11,
	chapter = {26},
	edition = {Springer},
	title = {The k-{Canadian} {Travelers} {Problem} with communication},
	journal = {J. of Comb. Opt.},
	author = {Zhang, Huili and Xu, Yinfeng and Qin, Lan},
	year = {2011},
	pages = {251--265}
}

@article{Al03,
title = {Online algorithms: a survey},
author = {Susanne Albers},
journal = {Math. Program.},
edition = {Springer},
chapter = {B},
year = {2003},
pages = {3--26}
}

@inproceedings{BaSc91,
  author    = {Amotz Bar{-}Noy and
               Baruch Schieber},
  title     = {The {C}anadian {T}raveller {P}roblem},
  booktitle = {Proc. of ACM/SIAM SODA},
  pages     = {261--270},
  year      = {1991}
}

@book{BoEl98,
  author    = {Allan Borodin and
               Ran El{-}Yaniv},
  title     = {Online computation and competitive analysis},
  publisher = {Cambridge University Press},
  year      = {1998}
}

@book{Be87,
	author = {Claude Berge},
	title = {Hypergraphes: Combinatoires des ensembles finis},
	publisher  = {Gauthier-Villars},
	year = {1987}
}

@article{Me27,
	author = {Menger, Karl},
	journal = {Fundamenta Mathematicae},
	number = {1},
	pages = {96-115},
	title = {Zur allgemeinen Kurventheorie},
	volume = {10},
	year = {1927}
}

@incollection{KlTa05,
	edition = {Pearson, {Addison} {Wesley}},
	title = {Disjoint {Paths} in {Directed} and {Undirected} graphs},
	booktitle = {Algorithm {Design}},
	author = {Kleinberg, Jon M. and Tardos, Eva},
	year = {2005}
}

@article{FoFu56,
	title = {Maximal flow through a network},
	author = {Ford, L. R.; Fulkerson, D. R.},
	journal = {Canadian Journal of Mathematics},
	number = {8},
	pages = {399--404},
	year = {1956}
}

@article{Di59,
	title = {A note on two problems in connexion with graphs},
	author = {E. W. Dijkstra},
	journal = {Numerische Mathematik},
	number = {1},
	pages = {269--271},
	year = {1959}
}



@article{Or93,
  author    = {James B. Orlin},
  title     = {A faster strongly polynomial minimum cost flow algorithm},
  journal   = {Operations Research},
  volume    = {41},
  number    = {2},
  pages     = {338--350},
  year      = {1993}
}

@inproceedings{EdKa01,
  author    = {Jack Edmonds and
               Richard M. Karp},
  title     = {Theoretical improvements in algorithmic efficiency for network flow problems},
  booktitle = {Combinatorial Optimization - Eureka, You Shrink!},
  pages     = {31--33},
  year      = {2001}
}
